@standard{GBT9704,
    author={国家质量监督检验检疫总局,国家标准化管理委员会},
    title={GB/T 9704-2012.党政机关公文格式},
    location={北京},
    publisher={中国质检出版社},
    year={2012},
    bookauthor={浙江省公路管理局}
}
